<record><leader>00000cas a2200000 a 4500</leader><controlfield tag="001">4094557</controlfield><controlfield tag="008">780728c19499999ksuwr ne      0   a0eng d</controlfield><datafield ind1=" " ind2=" " tag="010"><subfield code="a">sn 78001242 </subfield></datafield><datafield ind1=" " ind2=" " tag="040"><subfield code="a">MUL</subfield><subfield code="b">eng</subfield><subfield code="c">MUL</subfield><subfield code="d">NSD</subfield><subfield code="d">NPT</subfield><subfield code="d">NST</subfield><subfield code="d">OCL</subfield><subfield code="d">OCLCQ</subfield><subfield code="d">KFH</subfield><subfield code="d">OCLCF</subfield><subfield code="d">OCLCO</subfield><subfield code="d">OCLCA</subfield></datafield><datafield ind1=" " ind2=" " tag="012"><subfield code="i">8803</subfield><subfield code="j">X</subfield><subfield code="k">1</subfield></datafield><datafield ind1=" " ind2=" " tag="019"><subfield code="a">994547716</subfield></datafield><datafield ind1=" " ind2=" " tag="022"><subfield code="a">0018-1471</subfield><subfield code="l">0018-1471</subfield><subfield code="2">1</subfield></datafield><datafield ind1="1" ind2=" " tag="029"><subfield code="a">AU@</subfield><subfield code="b">000020350497</subfield></datafield><datafield ind1=" " ind2=" " tag="042"><subfield code="a">nsdp</subfield></datafield><datafield ind1=" " ind2="4" tag="050"><subfield code="a">SF1</subfield><subfield code="b">.H5</subfield></datafield><datafield ind1=" " ind2="0" tag="222"><subfield code="a">High plains journal</subfield></datafield><datafield ind1="0" ind2="4" tag="245"><subfield code="a">The High Plains journal.</subfield></datafield><datafield ind1=" " ind2=" " tag="260"><subfield code="a">Dodge City, Kan. :</subfield><subfield code="b">Journal,</subfield><subfield code="c">1949-</subfield></datafield><datafield ind1=" " ind2=" " tag="300"><subfield code="a">v. :</subfield><subfield code="b">ill. ;</subfield><subfield code="c">44 cm.</subfield></datafield><datafield ind1=" " ind2=" " tag="310"><subfield code="a">Weekly</subfield></datafield><datafield ind1="0" ind2=" " tag="362"><subfield code="a">Vol. 69, no. 1 (Jan. 6, 1949)-</subfield></datafield><datafield ind1=" " ind2=" " tag="500"><subfield code="a">Issued also in regional editions.</subfield></datafield><datafield ind1=" " ind2=" " tag="500"><subfield code="a">Published by High Plains Pub., Inc., May 7, 1959-</subfield></datafield><datafield ind1=" " ind2=" " tag="521"><subfield code="a">"The Farmer's paper."</subfield></datafield><datafield ind1=" " ind2=" " tag="525"><subfield code="a">Has occasional supplements</subfield></datafield><datafield ind1=" " ind2="0" tag="650"><subfield code="a">Agriculture</subfield><subfield code="z">Kansas</subfield><subfield code="x">Periodicals.</subfield></datafield><datafield ind1=" " ind2="0" tag="650"><subfield code="a">Agriculture</subfield><subfield code="x">Periodicals.</subfield></datafield><datafield ind1=" " ind2="7" tag="655"><subfield code="a">Periodicals.</subfield><subfield code="2">fast</subfield><subfield code="0">(OCoLC)fst01411641</subfield></datafield><datafield ind1=" " ind2="7" tag="650"><subfield code="a">Agriculture.</subfield><subfield code="2">fast</subfield><subfield code="0">(OCoLC)fst00801355</subfield></datafield><datafield ind1=" " ind2="7" tag="651"><subfield code="a">Kansas.</subfield><subfield code="2">fast</subfield><subfield code="0">(OCoLC)fst01204323</subfield></datafield><datafield ind1=" " ind2=" " tag="752"><subfield code="a">United States</subfield><subfield code="b">Kansas</subfield><subfield code="c">Ford</subfield><subfield code="d">Dodge City.</subfield></datafield><datafield ind1="0" ind2="0" tag="780"><subfield code="t">Dodge City journal</subfield><subfield code="w">(DLC)sn 84029812</subfield></datafield><datafield ind1=" " ind2=" " tag="850"><subfield code="a">CoFS</subfield></datafield><datafield ind1=" " ind2=" " tag="936"><subfield code="a">Unknown a  INC</subfield></datafield></record>